@misc{Uniclass_Webpage,
  title = {Uniclass Webpage},
  howpublished = {\url{https://www.uniclass.com.tw/english/01_product/02_detail.php?pid=1243}},
  year = 2009,
  note = {Accessed on 18.12.2022}
}

@misc{PyUSB,
  title = {Github PyUSB},
  howpublished = {\url{https://github.com/pyusb/pyusb}},
  year = 2022,
  note = {Accessed on 18.12.2022}
}

@misc{Programiz/python-programming,
  title = {Programiz python-programming},
  howpublished = {\url{https://www.programiz.com/python-programming/methods/built-in/bytearray}},
  year = 2022,
  note = {Accessed on 18.12.2022}
}

@misc{python_docs,
  title = {python docs},
  howpublished = {\url{https://docs.python.org/3/library/stdtypes.html#bytes.decode}},
  year = 2022,
  note = {Accessed on 18.12.2022}
}

@misc{Stackoverflow,
  title = {Stackoverflow},
  howpublished = {\url{https://stackoverflow.com/questions/606191/convert-bytes-to-a-string}},
  year = 2010,
  note = {Accessed on 18.12.2022}
}

@misc{Beyond_Logic,
  title = {Beyond Logic},
  howpublished = {\url{https://www.beyondlogic.org/usbnutshell/usb6.shtml}},
  year = 2010,
  note = {Accessed on 18.12.2022}
}